@article{morgan2005restarted,
	title={Restarted block-GMRES with deflation of eigenvalues},
	author={Morgan, Ronald B},
	journal={Applied Numerical Mathematics},
	volume={54},
	number={2},
	pages={222--236},
	year={2005},
	publisher={Amsterdam [Netherlands]: North-Holland, c1985-}
}

@article{saad1986gmres,
	title={GMRES: A generalized minimal residual algorithm for solving nonsymmetric linear systems},
	author={Saad, Youcef and Schultz, Martin H},
	journal={SIAM Journal on scientific and statistical computing},
	volume={7},
	number={3},
	pages={856--869},
	year={1986},
	publisher={SIAM}
}

@inproceedings{wu2018distributed,
	title={A Distributed and Parallel Asynchronous Unite and Conquer Method to Solve Large Scale Non-Hermitian Linear Systems},
	author={Wu, Xinzhe and Petiton, Serge G},
	booktitle={Proceedings of the International Conference on High Performance Computing in Asia-Pacific Region},
	pages={36--46},
	year={2018},
	organization={ACM}
}

@inproceedings{bissuelsolving,
	title={Solving linear systems with multiple right-hand sides with GMRES: an application to aircraft design},
	author={Bissuel, Alo{\i}s and Allaire, Gr{\'e}goire and Daumas, Laurent and Chalot, Fr{\'e}d{\'e}ric and Mallet, Michel},
	booktitle={M. Papadrakakis, V. Papadopoulos, G. Stefanou \& V. Plevris ({\'e}diteurs), VII European Congress on Computational Methods in Applied Sciences and Engineering},
	pages={7358--7371}
}

@article{emad2016unite,
	title={Unite and conquer approach for high scale numerical computing},
	author={Emad, Nahid and Petiton, Serge},
	journal={Journal of Computational Science},
	volume={14},
	pages={5--14},
	year={2016},
	publisher={Elsevier}
}


@article{saad1987least,
	title={Least squares polynomials in the complex plane and their use for solving nonsymmetric linear systems},
	author={Saad, Youcef},
	journal={SIAM Journal on Numerical Analysis},
	volume={24},
	number={1},
	pages={155--169},
	year={1987},
	publisher={SIAM}
}

@article{brezinski1994hybrid,
	title={Hybrid procedures for solving linear systems},
	author={Brezinski, Claude and Redivo-Zaglia, M},
	journal={Numerische Mathematik},
	volume={67},
	number={1},
	pages={1--19},
	year={1994},
	publisher={Springer}
}

@article{saad1984chebyshev,
	title={Chebyshev acceleration techniques for solving nonsymmetric eigenvalue problems},
	author={Saad, Youcef},
	journal={Mathematics of Computation},
	volume={42},
	number={166},
	pages={567--588},
	year={1984}
}

@article{emad2005multiple,
	title={Multiple explicitly restarted Arnoldi method for solving large eigenproblems},
	author={Emad, Nahid and Petiton, Serge and Edjlali, Guy},
	journal={SIAM Journal on Scientific Computing},
	volume={27},
	number={1},
	pages={253--277},
	year={2005},
	publisher={SIAM}
}

@inproceedings{fender2016leveraging,
	title={Leveraging accelerators in the multiple implicitly restarted Arnoldi method with nested subspaces},
	author={Fender, Alexandre and Emad, Nahid and Petiton, Serge and Eaton, Joe},
	booktitle={Emerging Technologies and Innovative Business Practices for the Transformation of Societies (EmergiTech), IEEE International Conference on},
	pages={389--394},
	year={2016},
	organization={IEEE}
}

@techreport{dongarra2014applied,
	title={Applied mathematics research for exascale computing},
	author={Dongarra, Jack and Hittinger, Jeffrey and Bell, John and Chacon, Luis and Falgout, Robert and Heroux, Michael and Hovland, Paul and Ng, Esmond and Webster, Clayton and Wild, Stefan},
	year={2014},
	institution={Lawrence Livermore National Laboratory (LLNL), Livermore, CA}
}

@article{manteuffel1977tchebychev,
	title={The Tchebychev iteration for nonsymmetric linear systems},
	author={Manteuffel, Thomas A},
	journal={Numerische Mathematik},
	volume={28},
	number={3},
	pages={307--327},
	year={1977},
	publisher={Springer}
}

@article{stewart2002krylov,
	title={A Krylov--Schur algorithm for large eigenproblems},
	author={Stewart, Gilbert W},
	journal={SIAM Journal on Matrix Analysis and Applications},
	volume={23},
	number={3},
	pages={601--614},
	year={2002},
	publisher={SIAM}
}

@incollection{sorensen1997implicitly,
	title={Implicitly restarted Arnoldi/Lanczos methods for large scale eigenvalue calculations},
	author={Sorensen, Danny C},
	booktitle={Parallel Numerical Algorithms},
	pages={119--165},
	year={1997},
	publisher={Springer}
}

@book{saad2011numerical,
	title={Numerical methods for large eigenvalue problems: revised edition},
	author={Saad, Yousef},
	volume={66},
	year={2011},
	publisher={Siam}
}

@inproceedings{wu2018parallel,
	title={A Parallel Generator of Non-Hermitian Matrices computed from Given Spectra},
	author={Wu, Xinzhe and Petiton, Serge and Lu, Yutong},
	booktitle={VECPAR 2018: 13th International Meeting on High Performance Computing for Computational Science},
	year={2018}
}


@phdthesis{vital1990etude,
	title={Etude de quelques m{\'e}thodes de r{\'e}solution de problemes lin{\'e}aires de grande taille sur multiprocesseur},
	author={Vital, Brigitte},
	year={1990},
	school={Rennes 1}
}

@article{saad1987least,
	title={Least squares polynomials in the complex plane and their use for solving nonsymmetric linear systems},
	author={Saad, Youcef},
	journal={SIAM Journal on Numerical Analysis},
	volume={24},
	number={1},
	pages={155--169},
	year={1987},
	publisher={SIAM}
}

@article{galichergenerate, title={Generate Very Large Sparse Matrices Starting from a Given Spectrum}, author={Galicher, Herv\'e and Boillod-Cerneux, France and Petiton, Serge and Calvin, Christophe} }
